@article{barrat2004architecture,
  title={The architecture of complex weighted networks},
  author={Barrat, Alain and Barthelemy, Marc and Pastor-Satorras, Romualdo and Vespignani, Alessandro},
  journal={Proceedings of the National Academy of Sciences of the United States of America},
  volume={101},
  number={11},
  pages={3747--3752},
  year={2004},
  publisher={National Acad Sciences}
}

@inproceedings{debnath2008feature,
  title={Feature weighting in content based recommendation system using social network analysis},
  author={Debnath, Souvik and Ganguly, Niloy and Mitra, Pabitra},
  booktitle={Proceedings of the 17th international conference on World Wide Web},
  pages={1041--1042},
  year={2008},
  organization={ACM}
}

@inproceedings{toivonen2007role,
  title={The role of edge weights in social networks: modelling structure and dynamics},
  author={Toivonen, Riitta and Kumpula, Jussi M and Saram{\"a}ki, Jari and Onnela, Jukka-Pekka and Kert{\'e}sz, J{\'a}nos and Kaski, Kimmo},
  booktitle={SPIE Fourth International Symposium on Fluctuations and Noise},
  pages={66010B--66010B},
  year={2007},
  organization={International Society for Optics and Photonics}
}

@inproceedings{raad2010user,
  title={User profile matching in social networks},
  author={Raad, Elie and Chbeir, Richard and Dipanda, Albert},
  booktitle={Network-Based Information Systems (NBiS), 2010 13th International Conference on},
  pages={297--304},
  year={2010},
  organization={IEEE}
}

@article{clauset2004finding,
  title={Finding community structure in very large networks},
  author={Clauset, Aaron and Newman, Mark EJ and Moore, Cristopher},
  journal={Physical review E},
  volume={70},
  number={6},
  pages={066111},
  year={2004},
  publisher={APS}
}

@article{cole2009identifying,
  title={Identifying organizational influentials: Methods and application using social network data},
  author={Cole, Russell and Weiss, Michael},
  journal={Connections},
  volume={29},
  number={2},
  pages={45--61},
  year={2009},
  publisher={Citeseer}
}

@article{brin1998anatomy,
  title={Anatomy of a Large-Scale Hypertextual Web Search Engine. 7th Intl World Wide Web Conf},
  author={Brin, S and Page, L},
  year={1998}
}

@article{hunter2008ergm,
  title={ergm: A package to fit, simulate and diagnose exponential-family models for networks},
  author={Hunter, David R and Handcock, Mark S and Butts, Carter T and Goodreau, Steven M and Morris, Martina},
  journal={Journal of statistical software},
  volume={24},
  number={3},
  pages={nihpa54860},
  year={2008},
  publisher={NIH Public Access}
}

@incollection{valverde2014link,
  title={Link prediction in online social networks using group information},
  author={Valverde-Rebaza, Jorge Carlos and de Andrade Lopes, Alneu},
  booktitle={Computational Science and Its Applications--ICCSA 2014},
  pages={31--45},
  year={2014},
  publisher={Springer}
}

@article{santoro2011time,
  title={Time-varying graphs and social network analysis: Temporal indicators and metrics},
  author={Santoro, Nicola and Quattrociocchi, Walter and Flocchini, Paola and Casteigts, Arnaud and Amblard, Frederic},
  journal={arXiv preprint arXiv:1102.0629},
  year={2011}
}

@article{o2010tweets,
  title={From Tweets to Polls: Linking Text Sentiment to Public Opinion Time Series.},
  author={O'Connor, Brendan and Balasubramanyan, Ramnath and Routledge, Bryan R and Smith, Noah A},
  journal={ICWSM},
  volume={11},
  number={122-129},
  pages={1--2},
  year={2010}
}

@book{ross2014introduction,
  title={Introduction to probability models},
  author={Ross, Sheldon M},
  year={2014},
  publisher={Academic press}
}

@inproceedings{tang2009temporal,
  title={Temporal distance metrics for social network analysis},
  author={Tang, John and Musolesi, Mirco and Mascolo, Cecilia and Latora, Vito},
  booktitle={Proceedings of the 2nd ACM workshop on Online social networks},
  pages={31--36},
  year={2009},
  organization={ACM}
}

@article{clauset2009power,
  title={Power-law distributions in empirical data},
  author={Clauset, Aaron and Shalizi, Cosma Rohilla and Newman, Mark EJ},
  journal={SIAM review},
  volume={51},
  number={4},
  pages={661--703},
  year={2009},
  publisher={SIAM}
}

@Manual{R-cite,
    title = {R: A Language and Environment for Statistical Computing},
    author = {{R Development Core Team}},
    organization = {R Foundation for Statistical Computing},
    address = {Vienna, Austria},
    year = {2008},
    note = {{ISBN} 3-900051-07-0},
    url = {http://www.R-project.org},
}
@article{liben2007link,
  title={The link-prediction problem for social networks},
  author={Liben-Nowell, David and Kleinberg, Jon},
  journal={Journal of the American society for information science and technology},
  volume={58},
  number={7},
  pages={1019--1031},
  year={2007},
  publisher={Wiley Online Library}
}

@article{newman2001clustering,
  title={Clustering and preferential attachment in growing networks},
  author={Newman, Mark EJ},
  journal={Physical review E},
  volume={64},
  number={2},
  pages={025102},
  year={2001},
  publisher={APS}
}

@book{jaccard1901etude,
  title={Etude comparative de la distribution florale dans une portion des Alpes et du Jura},
  author={Jaccard, Paul},
  year={1901},
  publisher={Impr. Corbaz}
}

@article{carley1991theory,
  title={A theory of group stability},
  author={Carley, Kathleen},
  journal={American Sociological Review},
  pages={331--354},
  year={1991},
  publisher={JSTOR}
}

@article{feld1981focused,
  title={The focused organization of social ties},
  author={Feld, Scott L},
  journal={American journal of sociology},
  pages={1015--1035},
  year={1981},
  publisher={JSTOR}
}

@article{adamic2003friends,
  title={Friends and neighbors on the web},
  author={Adamic, Lada A and Adar, Eytan},
  journal={Social networks},
  volume={25},
  number={3},
  pages={211--230},
  year={2003},
  publisher={Elsevier}
}

@article{hastie2005elements,
  title={The elements of statistical learning: data mining, inference and prediction},
  author={Hastie, Trevor and Tibshirani, Robert and Friedman, Jerome and Franklin, James},
  journal={The Mathematical Intelligencer},
  volume={27},
  number={2},
  pages={83--85},
  year={2005},
  publisher={Springer}
}

@incollection{valverde2014link,
  title={Link prediction in online social networks using group information},
  author={Valverde-Rebaza, Jorge Carlos and de Andrade Lopes, Alneu},
  booktitle={Computational Science and Its Applications--ICCSA 2014},
  pages={31--45},
  year={2014},
  publisher={Springer}
}

@article{lu2011,
  title={Link prediction in complex networks: A survey},
  author={Lu, Linyuan and Zhou Tao},
  journal={Physica A: Statistical Mechanics and its Applications},
  volume={390},
  number={6},
  pages={1150--1170},
  year={2011}
}

@article{mitzenmacher2004brief,
  title={A brief history of generative models for power law and lognormal distributions},
  author={Mitzenmacher, Michael},
  journal={Internet mathematics},
  volume={1},
  number={2},
  pages={226--251},
  year={2004},
  publisher={Taylor \& Francis}
}

@article{clauset2009power,
  title={Power-law distributions in empirical data},
  author={Clauset, Aaron and Shalizi, Cosma Rohilla and Newman, Mark EJ},
  journal={SIAM review},
  volume={51},
  number={4},
  pages={661--703},
  year={2009},
  publisher={SIAM}
}

@article{medina2000origin,
  title={On the origin of power laws in Internet topologies},
  author={Medina, Alberto and Matta, Ibrahim and Byers, John},
  journal={ACM SIGCOMM computer communication review},
  volume={30},
  number={2},
  pages={18--28},
  year={2000},
  publisher={ACM}
}

